@article{baumann-pickering2013,
	title = {Species-specific beaked whale echolocation signals},
	author = {Baumann-Pickering, Simone and McDonald, Mark A. and Simonis, Anne E. and Solsona Berga, Alba and Merkens, Karlina P. B. and Oleson, Erin M. and Roch, Marie A. and Wiggins, Sean M. and Rankin, Shannon and Yack, Tina M. and Hildebrand, John A.},
	year = {2013},
	month = {09},
	date = {2013-09},
	journal = {The Journal of the Acoustical Society of America},
	pages = {2293--2301},
	volume = {134},
	number = {3},
	doi = {10.1121/1.4817832},
	url = {https://asa.scitation.org/doi/abs/10.1121/1.4817832},
	note = {Publisher: Acoustical Society of America}
}

@article{bittle2013,
	title = {A review of current marine mammal detection and classification algorithms for use in automated passive acoustic monitoring.},
	author = {Bittle, Michael and Duncan, Alec},
	year = {2013},
	date = {2013},
	pages = {8},
	langid = {en}
}

@article{soldevilla2008,
	title = {Classification of Risso{\textquoteright}s and Pacific white-sided dolphins using spectral properties of echolocation clicks},
	author = {Soldevilla, Melissa S. and Henderson, E. Elizabeth and Campbell, Gregory S. and Wiggins, Sean M. and Hildebrand, John A. and Roch, Marie A.},
	year = {2008},
	month = {07},
	date = {2008-07},
	journal = {The Journal of the Acoustical Society of America},
	pages = {609--624},
	volume = {124},
	number = {1},
	doi = {10.1121/1.2932059},
	url = {https://asa.scitation.org/doi/10.1121/1.2932059},
	note = {Publisher: Acoustical Society of America}
}

@article{deangelis2018,
	title = {A description of echolocation clicks recorded in the presence of True's beaked whale (Mesoplodon mirus)},
	author = {DeAngelis, Annamaria Izzi and Stanistreet, Joy E. and Baumann-Pickering, Simone and Cholewiak, Danielle M.},
	year = {2018},
	month = {11},
	date = {2018-11},
	journal = {The Journal of the Acoustical Society of America},
	pages = {2691--2700},
	volume = {144},
	number = {5},
	doi = {10.1121/1.5067379},
	url = {https://asa.scitation.org/doi/10.1121/1.5067379},
	note = {Publisher: Acoustical Society of America}
}

@article{baumann-pickering2013a,
	title = {Species-specific beaked whale echolocation signals},
	author = {Baumann-Pickering, Simone and McDonald, Mark A. and Simonis, Anne E. and Solsona Berga, Alba and Merkens, Karlina P. B. and Oleson, Erin M. and Roch, Marie A. and Wiggins, Sean M. and Rankin, Shannon and Yack, Tina M. and Hildebrand, John A.},
	year = {2013},
	month = {09},
	date = {2013-09},
	journal = {The Journal of the Acoustical Society of America},
	pages = {2293--2301},
	volume = {134},
	number = {3},
	doi = {10.1121/1.4817832},
	url = {https://asa.scitation.org/doi/abs/10.1121/1.4817832},
	note = {Publisher: Acoustical Society of America}
}

@article{baumann-pickering2014,
	title = {Spatio-Temporal Patterns of Beaked Whale Echolocation Signals in the North Pacific},
	author = {Baumann-Pickering, Simone and Roch, Marie A. and Jr, Robert L. Brownell and Simonis, Anne E. and McDonald, Mark A. and Solsona-Berga, Alba and Oleson, Erin M. and Wiggins, Sean M. and Hildebrand, John A.},
	year = {2014},
	month = {01},
	date = {2014-01-22},
	journal = {PLOS ONE},
	pages = {e86072},
	volume = {9},
	number = {1},
	doi = {10.1371/journal.pone.0086072},
	url = {https://journals.plos.org/plosone/article?id=10.1371/journal.pone.0086072},
	note = {Publisher: Public Library of Science},
	langid = {en}
}

@article{parijs2009,
	title = {Management and research applications of real-time and archival passive acoustic sensors over varying temporal and spatial scales},
	author = {Parijs, Sofie M. Van and Clark, Chris W. and Sousa-Lima, Renata S. and Parks, Susan E. and Rankin, Shannon and Risch, Denise and Opzeeland, Ilse C. Van},
	year = {2009},
	month = {12},
	date = {2009-12-03},
	journal = {Marine Ecology Progress Series},
	pages = {21--36},
	volume = {395},
	doi = {10.3354/meps08123},
	url = {https://www.int-res.com/abstracts/meps/v395/p21-36/},
	langid = {en}
}

@article{rankin2005,
	title = {Source of the North Pacific {\textquotedblleft}boing{\textquotedblright} sound attributed to minke whales},
	author = {Rankin, Shannon and Barlow, Jay},
	year = {2005},
	month = {11},
	date = {2005-11},
	journal = {The Journal of the Acoustical Society of America},
	pages = {3346--3351},
	volume = {118},
	number = {5},
	doi = {10.1121/1.2046747},
	url = {https://asa.scitation.org/doi/abs/10.1121/1.2046747},
	note = {Publisher: Acoustical Society of America}
}

@inbook{macleod2018,
	title = {Beaked Whales, Overview},
	author = {MacLeod, Colin D.},
	editor = {{WÃ¼rsig}, Bernd and Thewissen, J. G. M. and Kovacs, Kit M.},
	year = {2018},
	month = {01},
	date = {2018-01-01},
	publisher = {Academic Press},
	pages = {80--83},
	doi = {10.1016/B978-0-12-804327-1.00062-5},
	url = {https://www.sciencedirect.com/science/article/pii/B9780128043271000625},
	note = {DOI: 10.1016/B978-0-12-804327-1.00062-5},
	langid = {en}
}

@article{simonis2020,
	title = {Co-occurrence of beaked whale strandings and naval sonar in the Mariana Islands, Western Pacific},
	author = {Simonis, Anne E. and Brownell, Robert L. and Thayre, Bruce J. and Trickey, Jennifer S. and Oleson, Erin M. and Huntington, Roderick and Baumann-Pickering, Simone},
	year = {2020},
	month = {02},
	date = {2020-02-19},
	journal = {Proceedings of the Royal Society B: Biological Sciences},
	pages = {20200070},
	volume = {287},
	number = {1921},
	doi = {10.1098/rspb.2020.0070},
	url = {https://royalsocietypublishing.org/doi/full/10.1098/rspb.2020.0070},
	note = {Publisher: Royal Society}
}

@article{rankin2017,
	title = {Acoustic classification of dolphins in the California Current using whistles, echolocation clicks, and burst pulses},
	author = {Rankin, Shannon and Archer, Frederick and Keating, Jennifer L. and Oswald, Julie N. and Oswald, Michael and Curtis, Alex and Barlow, Jay},
	year = {2017},
	month = {04},
	date = {2017-04-13},
	journal = {Marine Mammal Science},
	pages = {520--540},
	volume = {2},
	number = {33},
	doi = {10.1111/mms.12381},
	url = {https://www.infona.pl//resource/bwmeta1.element.wiley-mms-v-33-i-2-mms12381},
	langid = {English}
}

@article{rankin2017a,
	title = {Acoustic classification of dolphins in the California Current using whistles, echolocation clicks, and burst pulses},
	author = {Rankin, Shannon and Archer, Frederick and Keating, Jennifer L. and Oswald, Julie N. and Oswald, Michael and Curtis, Alex and Barlow, Jay},
	year = {2017},
	month = {04},
	date = {2017-04-13},
	journal = {Marine Mammal Science},
	pages = {520--540},
	volume = {2},
	number = {33},
	doi = {10.1111/mms.12381},
	url = {https://www.infona.pl//resource/bwmeta1.element.wiley-mms-v-33-i-2-mms12381},
	langid = {English}
}

@article{zahn2021,
	title = {Acoustic differentiation and classification of wild belugas and narwhals using echolocation clicks},
	author = {Zahn, Marie J. and Rankin, Shannon and McCullough, Jennifer L. K. and Koblitz, Jens C. and Archer, Frederick and Rasmussen, Marianne H. and Laidre, Kristin L.},
	year = {2021},
	month = {11},
	date = {2021-11-12},
	journal = {Scientific Reports},
	pages = {22141},
	volume = {11},
	number = {1},
	doi = {10.1038/s41598-021-01441-w},
	url = {https://www.nature.com/articles/s41598-021-01441-w},
	note = {Number: 1
Publisher: Nature Publishing Group},
	langid = {en}
}

@techreport{yano2018,
	title = {Cetacean and seabird data collected during the Hawaiian islands cetacean and ecosystem assessment survey (HICEAS), July{\textendash}December 2017},
	author = {Yano, Kymberly M. and Oleson, Erin M. and Keating, Jennifer L. and Ballance, Lisa and Hill, Marie C. and Bradford, Amanda and Allen, Ann N. and Joyce, Trevor W. and Moore, Jeffrey E. and Henry, Annette E.},
	year = {2018},
	date = {2018}
}

@techreport{keating2018,
	title = {Passive acoustics survey of cetacean abundance levels (PASCAL-2016) final report},
	author = {Keating, Jennifer and Barlow, Jay and Griffiths, Emily T. and Moore, Jeffrey E.},
	year = {2018},
	date = {2018},
	pages = {22},
	url = {https://www.boem.gov/sites/default/files/environmental-stewardship/Environmental-Studies/Pacific-Region/Studies/BOEM-2018-025.pdf}
}

@techreport{keating2018a,
	title = {Passive acoustics survey of cetacean abundance levels (PASCAL-2016) final report},
	author = {Keating, Jennifer and Barlow, Jay and Griffiths, Emily T. and Moore, Jeffrey E.},
	year = {2018},
	date = {2018},
	pages = {22},
	url = {https://www.boem.gov/sites/default/files/environmental-stewardship/Environmental-Studies/Pacific-Region/Studies/BOEM-2018-025.pdf}
}

@techreport{keating2013,
	title = {Summary of PAMGuard beaked whale click detectors and classifiers used during the 2012 Southern California Behavioral Response Study},
	author = {Keating, Jennifer L. and Barlow, Jay},
	year = {2013},
	date = {2013},
	pages = {14}
}

@techreport{keating2013a,
	title = {Summary of PAMGuard beaked whale click detectors and classifiers used during the 2012 Southern California Behavioral Response Study},
	author = {Keating, Jennifer L. and Barlow, Jay},
	year = {2013},
	date = {2013},
	pages = {14}
}

@book{rcoreteam2022,
	title = {R: A language and environment for statistical computing},
	author = {R Core Team, },
	year = {2022},
	date = {2022},
	publisher = {R Foundation for Statistical Computing},
	url = {http://www.R-project.org/},
	address = {Vienna, Austria}
}

@book{sakai2021,
	title = {PAMpal: Load and Process Passive Acoustic Data},
	author = {Sakai, Taiki},
	year = {2021},
	date = {2021},
	url = {https://cran.r-project.org/web/packages/PAMpal/index.html}
}

@book{archer2022,
	title = {Banter: BioAcoustic eveNT classifiER},
	author = {Archer, Frederick},
	year = {2022},
	date = {2022},
	url = {https://cran.r-project.org/web/packages/banter/index.html}
}

@unpublished{rankin2021,
	title = {BANTER: A User's Guide to Acoustic Classification},
	author = {Rankin, Shannon and Archer, Frederick},
	year = {2021},
	date = {2021},
	url = {https://taikisan21.github.io/PAMpal/banterGuide.html}
}

@book{archer2022a,
	title = {rfPermute: Estimate Permutation p-Values for Random Forest Importance Metrics},
	author = {Archer, Frederick},
	year = {2022},
	date = {2022},
	url = {https://cran.r-project.org/web/packages/rfPermute/index.html}
}

@article{rankin2017b,
	title = {Acoustic classification of dolphins in the California Current using whistles, echolocation clicks, and burst pulses},
	author = {Rankin, Shannon and Archer, Frederick and Keating, Jennifer L. and Oswald, Julie N. and Oswald, Michael and Curtis, Alex and Barlow, Jay},
	year = {2017},
	month = {04},
	date = {2017-04-13},
	journal = {Marine Mammal Science},
	pages = {520--540},
	volume = {2},
	number = {33},
	doi = {10.1111/mms.12381},
	url = {https://www.infona.pl//resource/bwmeta1.element.wiley-mms-v-33-i-2-mms12381},
	langid = {English}
}

@article{deangelis2018a,
	title = {A description of echolocation clicks recorded in the presence of True's beaked whale (Mesoplodon mirus)},
	author = {DeAngelis, Annamaria Izzi and Stanistreet, Joy E. and Baumann-Pickering, Simone and Cholewiak, Danielle M.},
	year = {2018},
	month = {11},
	date = {2018-11},
	journal = {The Journal of the Acoustical Society of America},
	pages = {2691--2700},
	volume = {144},
	number = {5},
	doi = {10.1121/1.5067379},
	url = {https://asa.scitation.org/doi/10.1121/1.5067379},
	note = {Publisher: Acoustical Society of America}
}

@article{barlow2022,
	title = {Acoustic-based estimates of Cuvier's beaked whale (Ziphius cavirostris) density and abundance along the U.S. West Coast from drifting hydrophone recorders},
	author = {Barlow, Jay and Moore, Jeffrey E. and McCullough, Jennifer L. K. and Griffiths, Emily T.},
	year = {2022},
	date = {2022},
	journal = {Marine Mammal Science},
	pages = {517--538},
	volume = {38},
	number = {2},
	doi = {10.1111/mms.12872},
	url = {https://onlinelibrary.wiley.com/doi/abs/10.1111/mms.12872},
	note = {{\_}eprint: https://onlinelibrary.wiley.com/doi/pdf/10.1111/mms.12872},
	langid = {en}
}

@article{deangelis2018b,
	title = {A description of echolocation clicks recorded in the presence of True's beaked whale (Mesoplodon mirus)},
	author = {DeAngelis, Annamaria Izzi and Stanistreet, Joy E. and Baumann-Pickering, Simone and Cholewiak, Danielle M.},
	year = {2018},
	month = {11},
	date = {2018-11},
	journal = {The Journal of the Acoustical Society of America},
	pages = {2691--2700},
	volume = {144},
	number = {5},
	doi = {10.1121/1.5067379},
	url = {https://asa.scitation.org/doi/10.1121/1.5067379},
	note = {Publisher: Acoustical Society of America}
}
